@article{bui.kim201802,
  title        = {Single {{Image Dehazing Using Color Ellipsoid Prior}}},
  author       = {Bui, Trung Minh and Kim, Wonha},
  date         = {2018-02},
  year         = {2018},
  journal      = {IEEE Transactions on Image Processing},
  shortjournal = {Ieee T Image Process},
  volume       = {27},
  number       = {2},
  pages        = {999--1009},
  issn         = {1941-0042},
  eventtitle   = {{{IEEE Transactions}} on {{Image Processing}}}
}

@article{he.tang201112,
  title        = {Single {{Image Haze Removal Using Dark Channel Prior}}},
  author       = {He, Kaiming and Sun, Jian and Tang, Xiaoou},
  date         = {2011-12},
  year         = {2011},
  journal      = {IEEE Transactions on Pattern Analysis and Machine Intelligence},
  shortjournal = {Ieee T Pattern Anal},
  volume       = {33},
  number       = {12},
  pages        = {2341--2353},
  issn         = {1939-3539},
  eventtitle   = {{{IEEE Transactions}} on {{Pattern Analysis}} and {{Machine Intelligence}}}
}

@inproceedings{meng.pan201312,
  title      = {Efficient {{Image Dehazing}} with {{Boundary Constraint}} and {{Contextual Regularization}}},
  booktitle  = {2013 {{IEEE International Conference}} on {{Computer Vision}}},
  author     = {Meng, Gaofeng and Wang, Ying and Duan, Jiangyong and Xiang, Shiming and Pan, Chunhong},
  date       = {2013-12},
  year       = {2013},
  pages      = {617--624},
  issn       = {2380-7504},
  eventtitle = {2013 {{IEEE International Conference}} on {{Computer Vision}}}
}

@article{raikwar.tapaswi2020,
  title        = {Lower {{Bound}} on {{Transmission Using Non-Linear Bounding Function}} in {{Single Image Dehazing}}},
  author       = {Raikwar, Suresh Chandra and Tapaswi, Shashikala},
  year         = {2020},
  journal      = {IEEE Transactions on Image Processing},
  shortjournal = {IEEE Transactions on Image Processing},
  volume       = {29},
  pages        = {4832--4847},
  issn         = {1941-0042},
  eventtitle   = {{{IEEE Transactions}} on {{Image Processing}}}
}

@article{he.tang201306,
  title        = {Guided {{Image Filtering}}},
  author       = {He, Kaiming and Sun, Jian and Tang, Xiaoou},
  date         = {2013-06},
  journal      = {IEEE Transactions on Pattern Analysis and Machine Intelligence},
  shortjournal = {Ieee T Pattern Anal},
  volume       = {35},
  number       = {6},
  pages        = {1397--1409},
  issn         = {1939-3539},
  eventtitle   = {{{IEEE Transactions}} on {{Pattern Analysis}} and {{Machine Intelligence}}}
}

@thesis{Li.Li2020,
  type        = {硕士学位论文},
  title       = {基于雾浓度尺度先验的单张图像去雾算法},
  author      = {李, 东阳},
  date        = {2020},
  institution = {{温州大学}},
  editora     = {叶, 修梓},
  editoratype = {collaborator},
  langid      = {zh-CN}
}

@article{li2019benchmarking,
  title     = {Benchmarking Single-Image Dehazing and Beyond},
  author    = {Li, Boyi and Ren, Wenqi and Fu, Dengpan and Tao, Dacheng and Feng, Dan and Zeng, Wenjun and Wang, Zhangyang},
  journal   = {IEEE Transactions on Image Processing},
  volume    = {28},
  number    = {1},
  pages     = {492--505},
  year      = {2019},
  publisher = {IEEE}
}
@article{Zhou2004,
  author  = {Zhou Wang and Bovik, A.C. and Sheikh, H.R. and Simoncelli, E.P.},
  journal = {IEEE Transactions on Image Processing},
  title   = {Image quality assessment: from error visibility to structural similarity},
  year    = {2004},
  volume  = {13},
  number  = {4},
  pages   = {600-612},
  doi     = {10.1109/TIP.2003.819861}
}

@book{narasimhan2004models,
  title={Models and algorithms for vision through the atmosphere},
  author={Narasimhan, Srinivasa G},
  year={2004},
  publisher={Columbia University}
}